@book{Choudhuri98,
    author = {Rai Choudhuri, Arnab},
    title = {The Physics of Fluids and Plasmas: An Introduction for Astrophysicists},
    publisher = {Cambridge University Press},
    year = {1998},
    isbn = {9780521555432},
    address = {Cambridge, UK}
}

@BOOK{Maeder09,
    author = {{Maeder}, Andr{\'e}},
    title = {Physics, Formation and Evolution of Rotating Stars}, year = {2009},
    doi = {10.1007/978-3-540-76949-1},
    isbn = {978-3-540-76948-4},
    publisher = {Springer-Verlang},
    address = {Berlin, Heidelberg},
    edition = {1},
    series = {Astronomy and Astrophysics Library}
}

@Book{Weiss04,
    isbn = {1-9044868-20-7},
    address = {Cambridge},
    author = {Weiss, A. and Hillebrandt, W. and Thomas, H.-C. and Ritter, H.},
    edition = {2},
    year = {2004},
    issn = {1025-8206},
    publisher = {Cambridge Scientific Publishers Ltd},
    title = {Cox \& Giuli's Principles of Stellar Structure}
}

@article{Jermyn23,
    doi = {10.3847/1538-4365/acae8d},
    year = {2023},
    publisher = {The American Astronomical Society},
    volume = {265},
    number = {1},
    pages = {15},
    title = {Modules for Experiments in Stellar Astrophysics (MESA): Time-dependent Convection, Energy Conservation, Automatic Differentiation, and Infrastructure},
    author = {Adam S. Jermyn and Evan B. Bauer and Josiah Schwab and R. Farmer and Warrick H. Ball and Earl P. Bellinger and Aaron Dotter and Meridith Joyce and Pablo Marchant and Joey S. G. Mombarg and William M. Wolf and Tin Long Sunny Wong and Giulia C. Cinquegrana and Eoin Farrell and R. Smolec and Anne Thoul and Matteo Cantiello and Falk Herwig and Odette Toloza and Lars Bildsten and Richard H. D. Townsend and F. X. Timmes},
    journal = {The Astrophysical Journal Supplement Series},
}


@Article{Anders23,
    AUTHOR = {Anders, Evan H. and Pedersen, May G.},
    TITLE = {Convective Boundary Mixing in Main-Sequence Stars: Theory and Empirical Constraints},
    JOURNAL = {Galaxies},
    VOLUME = {11},
    YEAR = {2023},
    NUMBER = {2},
    pages = {56},
    ISSN = {2075-4434},
    DOI = {10.3390/galaxies11020056}
    }

@inbook{Polls11,
	address = {Utrecht University},
	author = {Pols, O.R.},
	chapter = {11},
	pages = {175-186},
	series = {Lecture Notes},
	title = {Stellar Structure and Evolution},
	year = {2011}}

@inbook{Steinkirch12,
	address = {State University of New York at Stony Brook},
	author = {{von Steinkirch}, Marina},
	series = {Lecture Notes},
    chapter = {5},
    pages = {5-7},
	title = {The Ledoux Criterion for Convection in a Star},
	year = {2012}}

@article{deJager88,
       author = {{de Jager}, C. and {Nieuwenhuijzen}, H. and {van der Hucht}, K.~A.},
        title = {Mass loss rates in the Hertzsprung-Russell diagram.},
      journal = {Astronomy and Astrophysics Supplement Series},
         year = 1988,
       volume = {72},
        pages = {259-289}
}

@misc{Whitehead,
  author = "Whitehead, Emily",
year = "2024",
  howpublished = "personal communication"
}

@article{Georgy24,
    author = {Georgy, C and Rizzuti, F and Hirschi, R and Varma, V and Arnett, W D and Meakin, C and Mocak, M and Murphy, A StJ and Rauscher, T},
    title = "{3D simulations of a neon burning convective shell in a massive star}",
    journal = {Monthly Notices of the Royal Astronomical Society},
    volume = {531},
    number = {4},
    pages = {4293-4310},
    year = {2024},
    month = {06},
    issn = {0035-8711},
    doi = {10.1093/mnras/stae1381},
    url = {https://doi.org/10.1093/mnras/stae1381},
    eprint = {https://academic.oup.com/mnras/article-pdf/531/4/4293/58271852/stae1381.pdf},
}

@article{Rees24,
    author = {Rees, Natalie R and Izzard, Robert G},
    title = "{Evolving past instabilities on the thermally pulsing-(super)asymptotic giant branch}",
    journal = {Monthly Notices of the Royal Astronomical Society},
    volume = {531},
    number = {4},
    pages = {4033-4044},
    year = {2024},
    issn = {0035-8711},
    doi = {10.1093/mnras/stae1387},
    url = {https://doi.org/10.1093/mnras/stae1387}
}